<collection xmlns="http://www.loc.gov/MARC21/slim">
<record>
  <leader>01674nam0a2200301 i 450 </leader>
  <controlfield tag="001">IT\ICCU\CNCE\039372</controlfield>
  <controlfield tag="005">20150717000000.0</controlfield>
  <datafield tag="012" ind1=" " ind2=" ">
    <subfield code="a">n-ta hadi o-a- dose (C) 1537 (R)</subfield>
    <subfield code="2">fei</subfield>
  </datafield>
  <datafield tag="100" ind1=" " ind2=" ">
    <subfield code="a">19981031d1537        0itac0103    ba</subfield>
  </datafield>
  <datafield tag="101" ind1=" " ind2=" ">
    <subfield code="a">ITA</subfield>
  </datafield>
  <datafield tag="102" ind1=" " ind2=" ">
    <subfield code="a">IT</subfield>
  </datafield>
  <datafield tag="200" ind1="1" ind2=" ">
    <subfield code="a">Vite de philosophi moralissime. Et delle loro elegantissime sententie. Estratte da Laertio: &amp; altri antichissimi auttori. Historiate: &amp; di nouo corrette in lingua tosca</subfield>
  </datafield>
  <datafield tag="210" ind1=" " ind2=" ">
    <subfield code="e">Stampata nella inclita citta di Vinegia</subfield>
    <subfield code="g">per Francesco Bindoni &amp; Mapheo Pasini compagni</subfield>
    <subfield code="h">1537</subfield>
  </datafield>
  <datafield tag="215" ind1=" " ind2=" ">
    <subfield code="a">\64! c.</subfield>
    <subfield code="c">ill.</subfield>
    <subfield code="d">8ʻ</subfield>
  </datafield>
  <datafield tag="500" ind1="1" ind2="1">
    <subfield code="3">IT\ICCU\CNCE\048822</subfield>
    <subfield code="a">Vite dei filosofi</subfield>
  </datafield>
  <datafield tag="620" ind1=" " ind2=" ">
    <subfield code="a">IT</subfield>
    <subfield code="d">Venezia</subfield>
  </datafield>
  <datafield tag="702" ind1=" " ind2="0">
    <subfield code="a">Diogenes</subfield>
    <subfield code="c"> : Laertius</subfield>
    <subfield code="3">IT\ICCU\CNCA\004847</subfield>
  </datafield>
  <datafield tag="712" ind1="0" ind2="0">
    <subfield code="a">Bindoni, Francesco &lt;1.&gt; &amp; Pasini, Maffeo</subfield>
    <subfield code="3">IT\ICCU\CNCT\000060</subfield>
    <subfield code="4">650</subfield>
  </datafield>
  <datafield tag="790" ind1=" " ind2="0">
    <subfield code="a">Diogenes</subfield>
    <subfield code="c"> : Laertios</subfield>
    <subfield code="3">IT\ICCU\CNCA\018433</subfield>
    <subfield code="z">Diogenes : Laertius</subfield>
  </datafield>
  <datafield tag="790" ind1=" " ind2="0">
    <subfield code="a">Diogene</subfield>
    <subfield code="c"> : Laerzio</subfield>
    <subfield code="3">IT\ICCU\CNCA\018529</subfield>
    <subfield code="z">Diogenes : Laertius</subfield>
  </datafield>
  <datafield tag="791" ind1="0" ind2="2">
    <subfield code="a">℗al segno dell&apos;℗Angelo Raffaele</subfield>
    <subfield code="c"> &lt;1531-1546&gt;</subfield>
    <subfield code="3">IT\ICCU\CNCT\002984</subfield>
    <subfield code="z">Bindoni, Francesco &lt;1.&gt; &amp; Pasini, Maffeo</subfield>
  </datafield>
  <datafield tag="801" ind1=" " ind2="3">
    <subfield code="a">IT</subfield>
    <subfield code="b">ICCU</subfield>
    <subfield code="c">20201114</subfield>
  </datafield>
  <datafield tag="899" ind1=" " ind2=" ">
    <subfield code="a">Biblioteca universitaria. Bologna</subfield>
    <subfield code="1">BO0098</subfield>
    <subfield code="2">UBO BU</subfield>
  </datafield>
  <datafield tag="899" ind1=" " ind2=" ">
    <subfield code="a">Biblioteca diocesana. Todi</subfield>
    <subfield code="1">PG0173</subfield>
    <subfield code="2">PBE 33</subfield>
  </datafield>
  <datafield tag="899" ind1=" " ind2=" ">
    <subfield code="a">Biblioteca Angelica. Roma</subfield>
    <subfield code="1">RM0290</subfield>
    <subfield code="2">RML 06</subfield>
  </datafield>
  <datafield tag="899" ind1=" " ind2=" ">
    <subfield code="a">Biblioteca Casanatense. Roma</subfield>
    <subfield code="1">RM0313</subfield>
    <subfield code="2">RML 07</subfield>
  </datafield>
  <datafield tag="911" ind1=" " ind2=" ">
    <subfield code="a">nel coloph</subfield>
    <subfield code="9">IT\ICCU\CNCM\000627</subfield>
  </datafield>
  <datafield tag="921" ind1=" " ind2=" ">
    <subfield code="a">IT\ICCU\CNCM\000627</subfield>
    <subfield code="b">Arcangelo Raffaele e Tobiolo (angelo che tiene per mano un bambino con un pesce). A destra un cane. Sopra le figure le scritte: Arcangelus Raphael, Tobiolo.</subfield>
    <subfield code="c">Z96</subfield>
    <subfield code="d">Dimensioni: 7,3 x 6,8</subfield>
    <subfield code="f">ANGELO</subfield>
    <subfield code="f">ARCANGELUS</subfield>
    <subfield code="f">CANE</subfield>
    <subfield code="f">PESCE</subfield>
    <subfield code="f">TOBIOLO</subfield>
    <subfield code="g">1531-1547</subfield>
  </datafield>
</record>
</collection>
